@Auftrag{wiki2,
	title = {Mond},
  	howpublished = "\url{http://de.wikipedia.org/wiki/Mond}"
}

@Auftrag{wiki1,
	title = {Planetary Mass},
  	howpublished = "\url{http://en.wikipedia.org/wiki/Planetary_mass}"
}

